<?xml version="1.0" encoding="UTF-8" standalone="no"?><searchRetrieveResponse xmlns="http://www.loc.gov/zing/srw/">
  <version>1.2</version>
  <numberOfRecords>1</numberOfRecords>
  <records>
    <record>
      <recordSchema>marcxml</recordSchema>
      <recordPacking>xml</recordPacking>
      <recordData>
        <record xmlns="http://www.loc.gov/MARC21/slim">
          <leader>01996nam a2200469 c 4500</leader>
          <controlfield tag="001">991132983529705501</controlfield>
          <controlfield tag="005">20230619204625.0</controlfield>
          <controlfield tag="008">201011s2014    sz ||||| |||| 00| ||eng d</controlfield>
          <datafield ind1=" " ind2=" " tag="015">
            <subfield code="a">GBB534700</subfield>
            <subfield code="2">bnb</subfield>
          </datafield>
          <datafield ind1=" " ind2=" " tag="020">
            <subfield code="a">9783319142401</subfield>
            <subfield code="q">eBook</subfield>
          </datafield>
          <datafield ind1=" " ind2=" " tag="020">
            <subfield code="a">9783319142395</subfield>
          </datafield>
          <datafield ind1=" " ind2=" " tag="020">
            <subfield code="a">3319142399</subfield>
          </datafield>
          <datafield ind1=" " ind2=" " tag="035">
            <subfield code="a">(swissbib)226788121-41slsp_network</subfield>
          </datafield>
          <datafield ind1=" " ind2=" " tag="035">
            <subfield code="a">226788121</subfield>
            <subfield code="9">ExL</subfield>
          </datafield>
          <datafield ind1=" " ind2=" " tag="035">
            <subfield code="a">(RERO)R008268209-41slsp</subfield>
          </datafield>
          <datafield ind1=" " ind2=" " tag="035">
            <subfield code="a">(NEBIS)010446813EBI01</subfield>
          </datafield>
          <datafield ind1=" " ind2=" " tag="035">
            <subfield code="a">(IDSLU)001182563ILU01</subfield>
          </datafield>
          <datafield ind1=" " ind2=" " tag="035">
            <subfield code="a">(OCoLC)898086919</subfield>
          </datafield>
          <datafield ind1=" " ind2=" " tag="040">
            <subfield code="a">StDuBDS</subfield>
            <subfield code="d">CH-ZuSLS</subfield>
          </datafield>
          <datafield ind1=" " ind2=" " tag="044">
            <subfield code="a">sz</subfield>
            <subfield code="c">ch-zg</subfield>
          </datafield>
          <datafield ind1=" " ind2="7" tag="072">
            <subfield code="a">in</subfield>
            <subfield code="2">rero</subfield>
          </datafield>
          <datafield ind1=" " ind2="7" tag="072">
            <subfield code="a">0</subfield>
            <subfield code="2">IDS LU</subfield>
          </datafield>
          <datafield ind1="0" ind2="4" tag="082">
            <subfield code="a">005.133</subfield>
            <subfield code="2">23</subfield>
          </datafield>
          <datafield ind1="1" ind2=" " tag="100">
            <subfield code="a">Stephenson, Benjamin David</subfield>
            <subfield code="0">(IDREF)171644735</subfield>
            <subfield code="4">aut</subfield>
          </datafield>
          <datafield ind1="1" ind2="0" tag="245">
            <subfield code="a">&lt;&lt;The&gt;&gt; Python workbook</subfield>
            <subfield code="b">a brief introduction with exercises and solutions</subfield>
            <subfield code="c">Ben Stephenson</subfield>
          </datafield>
          <datafield ind1=" " ind2="1" tag="264">
            <subfield code="a">Cham</subfield>
            <subfield code="b">Springer</subfield>
            <subfield code="c">2014</subfield>
          </datafield>
          <datafield ind1=" " ind2=" " tag="300">
            <subfield code="a">165 S.</subfield>
            <subfield code="b">Ill.</subfield>
          </datafield>
          <datafield ind1=" " ind2=" " tag="336">
            <subfield code="b">txt</subfield>
            <subfield code="2">rdacontent</subfield>
          </datafield>
          <datafield ind1=" " ind2=" " tag="337">
            <subfield code="b">n</subfield>
            <subfield code="2">rdamedia</subfield>
          </datafield>
          <datafield ind1=" " ind2=" " tag="338">
            <subfield code="b">nc</subfield>
            <subfield code="2">rdacarrier</subfield>
          </datafield>
          <datafield ind1=" " ind2="0" tag="650">
            <subfield code="a">Python (Computer program language)</subfield>
          </datafield>
          <datafield ind1=" " ind2="0" tag="650">
            <subfield code="a">Python (Computer program language)</subfield>
            <subfield code="v">Problems, exercises, etc</subfield>
          </datafield>
          <datafield ind1=" " ind2="7" tag="650">
            <subfield code="a">Python (langage de programmation)</subfield>
            <subfield code="0">(IDREF)051626225</subfield>
            <subfield code="2">idref</subfield>
          </datafield>
          <datafield ind1=" " ind2="7" tag="650">
            <subfield code="a">LEHRBÜCHER (DOKUMENTENTYP)</subfield>
            <subfield code="9">ger</subfield>
            <subfield code="0">(ETHUDK)000000099</subfield>
            <subfield code="2">ethudk</subfield>
          </datafield>
          <datafield ind1=" " ind2="7" tag="650">
            <subfield code="a">PROGRAMME UND ALGORITHMEN ZUR LÖSUNG SPEZIELLER PROBLEME</subfield>
            <subfield code="9">ger</subfield>
            <subfield code="0">(ETHUDK)000013765</subfield>
            <subfield code="2">ethudk</subfield>
          </datafield>
          <datafield ind1=" " ind2="7" tag="650">
            <subfield code="a">PYTHON (PROGRAMMIERSPRACHEN)</subfield>
            <subfield code="9">ger</subfield>
            <subfield code="0">(ETHUDK)000062602</subfield>
            <subfield code="2">ethudk</subfield>
          </datafield>
          <datafield ind1=" " ind2="7" tag="650">
            <subfield code="a">Python</subfield>
            <subfield code="g">Programmiersprache</subfield>
            <subfield code="0">(DE-588)4434275-5</subfield>
            <subfield code="2">gnd</subfield>
          </datafield>
          <datafield ind1=" " ind2="7" tag="655">
            <subfield code="a">Problèmes et exercices</subfield>
            <subfield code="0">(IDREF)027790517</subfield>
            <subfield code="2">idref</subfield>
          </datafield>
          <datafield ind1="4" ind2=" " tag="856">
            <subfield code="3">Titelblatt und Inhaltsverzeichnis</subfield>
            <subfield code="u">https://toc.library.ethz.ch/objects/pdf03/e01_978-3-319-14239-5_01.pdf</subfield>
            <subfield code="q">pdf</subfield>
          </datafield>
          <datafield ind1="4" ind2=" " tag="856">
            <subfield code="3">Abstract / Autoreninformation</subfield>
            <subfield code="u">https://toc.library.ethz.ch/objects/pdf03/e01_978-3-319-14239-5_02.pdf</subfield>
            <subfield code="q">pdf</subfield>
          </datafield>
          <datafield ind1="0" ind2="1" tag="852">
            <subfield code="a">41SLSP_ETH</subfield>
            <subfield code="6">990104468130205503</subfield>
            <subfield code="9">P</subfield>
          </datafield>
          <datafield ind1="0" ind2="1" tag="852">
            <subfield code="a">41SLSP_RZS</subfield>
            <subfield code="6">9911825630105505</subfield>
            <subfield code="9">P</subfield>
          </datafield>
          <datafield ind1="0" ind2="1" tag="852">
            <subfield code="a">41SLSP_BCUFR</subfield>
            <subfield code="6">991012697409705509</subfield>
            <subfield code="9">P</subfield>
          </datafield>
          <datafield ind1="0" ind2="1" tag="852">
            <subfield code="a">41SLSP_EPF</subfield>
            <subfield code="6">990104468130205516</subfield>
            <subfield code="9">P</subfield>
          </datafield>
          <datafield ind1=" " ind2=" " tag="949">
            <subfield code="a">https://toc.library.ethz.ch/objects/pdf03/e01_978-3-319-14239-5_01.pdf</subfield>
          </datafield>
          <datafield ind1=" " ind2=" " tag="949">
            <subfield code="a">https://toc.library.ethz.ch/objects/pdf03/e01_978-3-319-14239-5_02.pdf</subfield>
          </datafield>
        </record>
      </recordData>
      <recordIdentifier>991132983529705501</recordIdentifier>
      <recordPosition>1</recordPosition>
    </record>
  </records>
  <extraResponseData xmlns:xb="http://www.exlibris.com/repository/search/xmlbeans/">
    <xb:exact>true</xb:exact>
    <xb:responseDate>2025-03-20T07:52:34+0100</xb:responseDate>
  </extraResponseData>
</searchRetrieveResponse>